@online{insectvision,
       author = {Elmar Mair and Wolfgang Stürzel and Jochen Zeil},
        title = {InsectVision},
 organization = {Deutsches Zentrum für Luft- und Raumfahrt e.V.},
          url = {http://www.insectvision.org/flying-insects/bee-model},
         year = {2015},
      urldate = {2015-10-20}
}

@online{beepilot,
   author = {Lucas Wilkins},
    title = {beepilot},
      url = {http://www.lucaswilkins.com/beepilot/index.html},
  urldate = {2015-10-21},
 language = {english},
}

@book{animalvision,
   author = {Michael F. Land and Dan-Eric Nilsson},
    title = {Animal Eyes},
     year = {2012},
 language = {british},
publisher = {Oxford University Press},
      doi = {10.1093/acprof:oso/9780199581139.001.0001},
  volume = {Oxford Animal Biology Series},
}
